<?xml version="1.0" encoding="UTF-8"?>
<collection xmlns:xsi="http://www.w3.org/2001/XMLSchema-instance" xsi:schemaLocation="http://www.loc.gov/MARC21/slim http://www.loc.gov/standards/marcxml/schema/MARC21slim.xsd" xmlns="http://www.loc.gov/MARC21/slim">
<record>
  <leader>01010mam a22002417i 4500</leader>
  <controlfield tag="001">618202</controlfield>
  <controlfield tag="003">NNC</controlfield>
  <controlfield tag="005">20130423142711.0</controlfield>
  <controlfield tag="008">880728m19599999ir            000 0 arard</controlfield>
  <datafield tag="035" ind1=" " ind2=" ">
    <subfield code="a">(OCoLC)18284396</subfield>
  </datafield>
  <datafield tag="035" ind1=" " ind2=" ">
    <subfield code="9">ACS3757CU</subfield>
  </datafield>
  <datafield tag="035" ind1=" " ind2=" ">
    <subfield code="a">(NNC)618202</subfield>
  </datafield>
  <datafield tag="040" ind1=" " ind2=" ">
    <subfield code="a">WaU</subfield>
    <subfield code="c">WaU</subfield>
    <subfield code="d">MH</subfield>
    <subfield code="d">CStRLIN</subfield>
    <subfield code="d">NNC</subfield>
  </datafield>
  <datafield tag="050" ind1=" " ind2="4">
    <subfield code="a">BP193.25</subfield>
    <subfield code="b">.J35</subfield>
  </datafield>
  <datafield tag="100" ind1="1" ind2=" ">
    <subfield code="a">Ibn al-Shahīd al-Thānī, al-Ḥasan,</subfield>
    <subfield code="d">1551 or 1552-1602 or 1603.</subfield>
  </datafield>
  <datafield tag="240" ind1="1" ind2="0">
    <subfield code="a">Muntaqá al-jumān fī al-aḥādīth al-ṣiḥāḥ wa-al-ḥisān</subfield>
  </datafield>
  <datafield tag="245" ind1="1" ind2="0">
    <subfield code="a">Kitāb Muntaqá al-jumān fī al-aḥādīth al-ṣiḥāḥ wa-al-ḥisān /</subfield>
    <subfield code="c">lil-Shaykh al-Jalāl al-Saʻid Jamāl al-Dīn Abī Manṣūr al-Ḥasan ibn Zayn al-Dīn.</subfield>
  </datafield>
  <datafield tag="260" ind1=" " ind2=" ">
    <subfield code="a">[Tihrān] :</subfield>
    <subfield code="b">Chāp-i Jāvīd,</subfield>
    <subfield code="c">[pref. 1379-  ][1959-  ]</subfield>
  </datafield>
  <datafield tag="300" ind1=" " ind2=" ">
    <subfield code="a">v. ;</subfield>
    <subfield code="c">26 cm.</subfield>
  </datafield>
  <datafield tag="650" ind1=" " ind2="0">
    <subfield code="a">Hadith (Shiites)</subfield>
    <subfield code="x">Authorities.</subfield>
  </datafield>
  <datafield tag="650" ind1=" " ind2="0">
    <subfield code="a">Islamic law</subfield>
    <subfield code="v">Sources.</subfield>
  </datafield>
  <datafield tag="650" ind1=" " ind2="0">
    <subfield code="a">Islam</subfield>
    <subfield code="x">Essence, genius, nature.</subfield>
  </datafield>
  <datafield tag="740" ind1="0" ind2="2">
    <subfield code="a">Muntaqá al-jumān fī al-aḥadīth al-ṣiḥaḥ wa-al-ḥasan.</subfield>
  </datafield>
  <datafield tag="955" ind1=" " ind2=" ">
    <subfield code="b">0054692903</subfield>
    <subfield code="d">glx</subfield>
    <subfield code="e">BP193.25 .J35</subfield>
    <subfield code="v">v.2</subfield>
  </datafield>
</record>
</collection>